@article{李兆龙电磁场与微波技术课程群的国际化探索,
  title={电磁场与微波技术课程群的国际化探索},
  author={李兆龙 and 王贵 and 李猛猛 and 何姿 and 陶诗飞 and 柯璟},
  journal={工业和信息化教育},
  volume={71},
  number={11},
  pages={35-40},
 abstract={在扩大对外开放,促进"一带一路"人类命运共同体建设的国际背景下,在建设有中国特色的"双一流"高校过程中,如何创新电磁场与微波技术课程群的国际化探索,激发学生创新创造的热情,使课程建设在焕发中国特色前提下展现国际化的风采,吸收国际化知识体系,努力瞄准国际先进教学水平,在更宽广的国际化舞台上讲好中国课堂,成为广大高校教师在进行课程改革过程中思考的核心问题。本文据此展开论述了多种探索和尝试,介绍了所收获的有益经验。},
}

@article{罗霞2015电磁场与电磁波实验教学建设与探讨,
  title={电磁场与电磁波实验教学建设与探讨},
  author={罗霞 and 罗阔 and 李震 and 刘洪山 and 代秋芳 and LuoXia and LuoKuo and LiZhen and LiuHongshan and DaiQiufang},
  journal={中国现代教育装备},
  number={9},
  pages={87-89},
  year={2015},
 abstract={本文在电磁场与电磁波课程实验教学的建设中，通过实验平台的测量实验和仿真软件相结合的实验教学方式，对实验教学进行了一系列的改革，并在课程中实施。实验教学结果表明：学生对“看不到、摸不着”的电磁波，通过具体的实验，加深了对相应知识点的理解，由畏难到产生兴趣，积极性有了很大的提高，提高了实验教学效果。},
}

@article{马凤英2013“电磁场与电磁波”教学改革探索和实践,
  title={“电磁场与电磁波”教学改革探索和实践},
  author={马凤英 and 弓巧侠 and 苏建坡},
  journal={中国电力教育},
  number={36},
  year={2013},
 abstract={“电磁场与电磁波”课程是高校电子信息类专业必修的一门重要专业基础课，主要阐述宏观电磁场和电磁波的基本规律、基本性质等理论及在工程中的应用。针对该课程教学中存在的问题及目前课程学时缩减的现实，从教学内容、科研课题引入课堂教学、教学手段、开设实验、考评机制等方面提出了一系列的改革思路。重点讨论了科研课题引入课堂教学的可行性，并结合研究方向给出了实例，希望通过课程改革能进一步提高教学效果，增强学生学习兴趣，提高学生创新与创业的能力。},
}

